@article{2020-self-testing-a-review,
   title={Self-testing of quantum systems: a review},
   volume={4},
   ISSN={2521-327X},
   url={http://dx.doi.org/10.22331/q-2020-09-30-337},
   DOI={10.22331/q-2020-09-30-337},
   journal={Quantum},
   publisher={Verein zur Forderung des Open Access Publizierens in den Quantenwissenschaften},
   author={Šupić, Ivan and Bowles, Joseph},
   year={2020},
   month={Sep},
   pages={337}
}

@article{2014-bell-nonlocality,
   title={Bell nonlocality},
   volume={86},
   ISSN={1539-0756},
   url={http://dx.doi.org/10.1103/RevModPhys.86.419},
   DOI={10.1103/revmodphys.86.419},
   number={2},
   journal={Reviews of Modern Physics},
   publisher={American Physical Society (APS)},
   author={Brunner, Nicolas and Cavalcanti, Daniel and Pironio, Stefano and Scarani, Valerio and Wehner, Stephanie},
   year={2014},
   month={Apr},
   pages={419–478} }

@article{2011-generalized-self-testing,
   title={Generalized Self-testing and the Security of the 6-State Protocol},
   ISBN={9783642180736},
   ISSN={1611-3349},
   url={http://dx.doi.org/10.1007/978-3-642-18073-6_10},
   DOI={10.1007/978-3-642-18073-6_10},
   journal={Lecture Notes in Computer Science},
   publisher={Springer Berlin Heidelberg},
   author={McKague, Matthew and Mosca, Michele},
   year={2011},
   pages={113–130} }


@misc{scarani2015deviceindependent,
      title={The device-independent outlook on quantum physics (lecture notes on the power of Bell's theorem)},
      author={Valerio Scarani},
      year={2015},
      eprint={1303.3081},
      archivePrefix={arXiv},
      primaryClass={quant-ph}
}